<?xml version="1.0" encoding="UTF-8"?><collection xmlns="http://www.loc.gov/MARC21/slim"><record><leader>00518nam--2200193-u-4500</leader><controlfield tag="001">000052567</controlfield><controlfield tag="002">20161230</controlfield><controlfield tag="005">20161230201050</controlfield><controlfield tag="008">100914s1000------------r-----000-0-rus-d</controlfield><datafield ind1=" " ind2=" " tag="040"><subfield code="a">IFIN-HH</subfield></datafield><datafield ind1=" " ind2=" " tag="041"><subfield code="a">rus</subfield></datafield><datafield ind1=" " ind2=" " tag="080"><subfield code="a">533.6.011:532.595.2</subfield></datafield><datafield ind1="1" ind2=" " tag="100"><subfield code="a">Nikolaevskogo, V.N</subfield></datafield><datafield ind1="1" ind2="0" tag="245"><subfield code="a">Podvodnie i podzemnie vzrivi</subfield><subfield code="b">Perevod s angliskogo</subfield><subfield code="c">V.N. Nikolaevskogo</subfield></datafield><datafield ind1=" " ind2=" " tag="260"><subfield code="a">Moskva</subfield><subfield code="b">Mir</subfield><subfield code="c">1974</subfield></datafield><datafield ind1=" " ind2=" " tag="300"><subfield code="a">414 p</subfield></datafield><datafield ind1=" " ind2=" " tag="490"><subfield code="a">Bilioteka sbornika Mehanika</subfield></datafield><datafield ind1=" " ind2=" " tag="852"><subfield code="a">75436</subfield><subfield code="c">533.6</subfield></datafield><datafield ind1=" " ind2=" " tag="CAT"><subfield code="a">Sys</subfield><subfield code="c">20100914</subfield><subfield code="h">115727</subfield></datafield></record></collection>